[gd_scene load_steps=15 format=3 uid="uid://c88r8f1kld4s1"]

[ext_resource type="Script" path="res://Turn/Turn.gd" id="1_ucayu"]
[ext_resource type="Script" path="res://Turn/TurnManager.gd" id="2_hpgia"]
[ext_resource type="Texture2D" uid="uid://bpjh6x1wj2xy2" path="res://assets/iso-field.png" id="3_nnpdm"]
[ext_resource type="PackedScene" uid="uid://cujkpohdtcf0u" path="res://Turn/Charachter.tscn" id="4_mbnue"]
[ext_resource type="Texture2D" uid="uid://di6edaos34e5o" path="res://assets/animals/sheep.png" id="5_7avf0"]
[ext_resource type="Texture2D" uid="uid://lsrpc8beoxg3" path="res://assets/icons/014-gloves.png" id="5_j6tui"]
[ext_resource type="Texture2D" uid="uid://cspf1anbyu0tv" path="res://assets/icons/021-medal.png" id="6_mcrfy"]
[ext_resource type="Texture2D" uid="uid://clo7mxspk1gkx" path="res://assets/icons/017-red-card.png" id="6_n31pw"]
[ext_resource type="Texture2D" uid="uid://cs6bba6mu8gun" path="res://assets/icons/032-offside.png" id="7_jyhvt"]
[ext_resource type="Texture2D" uid="uid://818k1h8o4jub" path="res://assets/animals/cow.png" id="10_8l0jr"]
[ext_resource type="Texture2D" uid="uid://cwjlqslqow6hs" path="res://assets/icons/035-goal-1.png" id="11_8t6dt"]
[ext_resource type="Texture2D" uid="uid://de1ejeb3wynyv" path="res://assets/icons/019-stopwatch.png" id="12_xqghn"]
[ext_resource type="Texture2D" uid="uid://cx7fw1p1xojid" path="res://assets/animals/pig.png" id="13_jr0hy"]
[ext_resource type="Texture2D" uid="uid://bdu5glsvucc3p" path="res://assets/icons/031-match-3.png" id="14_h57q2"]

[node name="Turn" type="Node2D"]
script = ExtResource("1_ucayu")

[node name="TurnManager" type="Node" parent="."]
script = ExtResource("2_hpgia")

[node name="Iso-field" type="Sprite2D" parent="."]
position = Vector2(1712, 498)
scale = Vector2(0.537269, 0.591914)
texture = ExtResource("3_nnpdm")

[node name="Battlers" type="Node2D" parent="."]

[node name="Lion" parent="Battlers" instance=ExtResource("4_mbnue")]
offset_left = 220.0
offset_top = 191.0
offset_right = 480.0
offset_bottom = 451.0
scale = Vector2(0.8, 0.8)
ability1Icon = ExtResource("5_j6tui")
ability2Icon = ExtResource("6_n31pw")

[node name="Sheep" parent="Battlers" instance=ExtResource("4_mbnue")]
offset_left = 527.0
offset_top = 112.0
offset_right = 787.0
offset_bottom = 372.0
scale = Vector2(0.8, 0.8)
texture_normal = ExtResource("5_7avf0")
ability1 = "Superstar"
ability2 = "Offside"
ability1Icon = ExtResource("6_mcrfy")
ability2Icon = ExtResource("7_jyhvt")

[node name="Cow" parent="Battlers" instance=ExtResource("4_mbnue")]
offset_left = 748.0
offset_top = 333.0
offset_right = 1008.0
offset_bottom = 593.0
scale = Vector2(0.8, 0.8)
texture_normal = ExtResource("10_8l0jr")
player = "Player 2"
ability1 = "Send it"
ability2 = "Take it slow"
ability1Icon = ExtResource("11_8t6dt")
ability2Icon = ExtResource("12_xqghn")

[node name="Pig" parent="Battlers" instance=ExtResource("4_mbnue")]
offset_left = 855.0
offset_top = 85.0001
offset_right = 1115.0
offset_bottom = 345.0
scale = Vector2(0.8, 0.8)
texture_normal = ExtResource("13_jr0hy")
player = "Player 2"
ability1 = "Worldwide"
ability1Icon = ExtResource("14_h57q2")
ability2Icon = ExtResource("6_n31pw")

[connection signal="turn_ended" from="TurnManager" to="." method="_on_turn_manager_turn_ended"]
[connection signal="turn_started" from="TurnManager" to="." method="_on_turn_manager_turn_started"]
[connection signal="turns_exhausted" from="TurnManager" to="." method="_on_turn_manager_turns_exhausted"]
